@article{lovejoy2022high,
  title={A High Performance Payment Processing System Designed for Central Bank Digital Currencies},
  author={James Lovejoy, Cory Fields et al.},
  year={2022},
  file={/home/awannaphasch2016/org/papers/web3/project--hamilton-phase-1-executive-summary.pdf}
  url={https://www.bostonfed.org/publications/one-time-pubs/project-hamilton-phase-1-executive-summary.aspx}
}
